@article{fawaz2019deep,
  title={Deep learning for time series classification: a review},
  author={Fawaz, Hassan Ismail and Forestier, Germain and Weber, Jonathan and Idoumghar, Lhassane and Muller, Pierre-Alain},
  journal={Data Mining and Knowledge Discovery},
  volume={33},
  number={4},
  pages={917--963},
  year={2019},
  publisher={Springer}
}

@misc{sktime,
      author = {Markus Löning and Anthony Bagnall and Sajaysurya Ganesh and Viktor Kazakov
      and Jason Lines and Franz J. Király},
      title = {sktime: A Unified Interface for Machine Learning with Time Series},
      year = {2019},
      eprint = {arXiv:1909.07872},
}
